<record><leader>00000cas a22000007a 4500</leader><controlfield tag="001">10033948</controlfield><controlfield tag="008">831019d18uu1889nyuwr ne      0    0eng d</controlfield><datafield ind1=" " ind2=" " tag="010"><subfield code="a">sn 83031729 </subfield></datafield><datafield ind1=" " ind2=" " tag="040"><subfield code="a">NPU</subfield><subfield code="b">eng</subfield><subfield code="c">NPU</subfield><subfield code="d">NPX</subfield><subfield code="d">NYS</subfield><subfield code="d">OCL</subfield><subfield code="d">OCLCQ</subfield><subfield code="d">OCLCF</subfield><subfield code="d">OCLCO</subfield></datafield><datafield ind1=" " ind2=" " tag="042"><subfield code="a">msc</subfield></datafield><datafield ind1=" " ind2=" " tag="043"><subfield code="a">n-us-ny</subfield></datafield><datafield ind1="0" ind2="0" tag="245"><subfield code="a">Onondaga weekly courier.</subfield></datafield><datafield ind1="1" ind2="7" tag="246"><subfield code="a">Weekly courier</subfield></datafield><datafield ind1=" " ind2=" " tag="260"><subfield code="a">Syracuse, N.Y. :</subfield><subfield code="b">[Courier Print. Co.]</subfield></datafield><datafield ind1=" " ind2=" " tag="300"><subfield code="a">v. ;</subfield><subfield code="c">72 cm.</subfield></datafield><datafield ind1=" " ind2=" " tag="310"><subfield code="a">Weekly</subfield></datafield><datafield ind1="1" ind2=" " tag="362"><subfield code="a">Ceased in 1889?</subfield><subfield code="z">Cf. Lodder, G.B. Summary of newspapers pub. in Onondaga Co., N.Y. to 1900. Typescript at Amer. Antiquarian Society.</subfield></datafield><datafield ind1=" " ind2=" " tag="500"><subfield code="a">Published on Thursday.</subfield></datafield><datafield ind1=" " ind2=" " tag="580"><subfield code="a">Daily eds.: Syracuse daily courier, &lt;Mar. 6, 1873&gt;-May 12, 1888; Syracuse courier, May 14, 1888-&lt;1889&gt;.</subfield></datafield><datafield ind1=" " ind2=" " tag="588"><subfield code="a">Description based on: Vol. 14, no. 50 (Mar. 6, 1873).</subfield></datafield><datafield ind1=" " ind2="0" tag="651"><subfield code="a">Syracuse (N.Y.)</subfield><subfield code="v">Newspapers.</subfield></datafield><datafield ind1=" " ind2="7" tag="655"><subfield code="a">Newspapers.</subfield><subfield code="2">fast</subfield><subfield code="0">(OCoLC)fst01423814</subfield></datafield><datafield ind1=" " ind2="7" tag="651"><subfield code="a">New York (State)</subfield><subfield code="z">Syracuse.</subfield><subfield code="2">fast</subfield><subfield code="0">(OCoLC)fst01205293</subfield></datafield><datafield ind1=" " ind2=" " tag="752"><subfield code="a">United States</subfield><subfield code="b">New York</subfield><subfield code="c">Onondaga</subfield><subfield code="d">Syracuse.</subfield></datafield><datafield ind1="1" ind2=" " tag="775"><subfield code="t">Syracuse daily courier (Syracuse, N.Y. : 1869)</subfield><subfield code="w">(DLC)sn 83031891</subfield><subfield code="w">(OCoLC)10028862</subfield></datafield><datafield ind1="1" ind2=" " tag="775"><subfield code="t">Syracuse courier</subfield><subfield code="w">(DLC)sn 91066047</subfield><subfield code="w">(OCoLC)23303341</subfield></datafield><datafield ind1="0" ind2="0" tag="780"><subfield code="t">Onondaga weekly courier and union</subfield><subfield code="w">(DLC)sn 92062233</subfield><subfield code="w">(OCoLC)26430410</subfield></datafield><datafield ind1="0" ind2="0" tag="785"><subfield code="t">Semi-weekly courier (Syracuse, N.Y.)</subfield></datafield></record>